
-- Exemplos de referências a sites da Internet

@misc{exame,
   author={Exame},
   title={O que é blockchain e como funciona a tecnologia por trás do bitcoin?},
   url={https://exame.com/invest/guia/o-que-e-blockchain-e-como-funciona-a-tecnologia-por-tras-do-bitcoin/},
   urlaccessdate={Dez. 2023},
   year={2022}
}

@misc{bit2me,
   author={Javier Pastor},
   title={O que é um hash?},
   url={https://academy.bit2me.com/pt/que-es-hash/},
   urlaccessdate={Dez. 2023},
   year={2023}
}
@misc{InfoMoney,
   author={Info Money},
   title={O que são smart contracts e qual a relação com criptomoedas
},
   url={https://www.infomoney.com.br/guias/smart-contracts/},
   urlaccessdate={Dez. 2023},
   year={2022}
}
@misc{Cointelegraph,
   author={CAIO JOBIM},
   title={Computação quântica será capaz de decifrar algoritmo do Bitcoin em alguns anos, revela estudo
},
   url={https://br.cointelegraph.com/news/study-reveals-how-long-quantum-computers-will-be-able-to-crack-bitcoin},
   urlaccessdate={Dez. 2023},
   year={2022}
}
@misc{vector,
   author={João Pedro Araujo},
   title={Entenda a maior evolução depois do Bitcoin, os contratos inteligentes!},
   url={https://blog.vectorcrypto.com.br/o-que-e-contrato-inteligente/},
   urlaccessdate={Dez. 2023},
   year={2022}
}
@misc{atualizarSM,
   author={Luiz Duarte},
   title={Como atualizar Smart Contracts em Solidity (Adapter)},
   url={https://www.luiztools.com.br/post/como-atualizar-smart-contracts-em-solidity/},
   urlaccessdate={Dez. 2023},
   year={2023}
}
@misc{RA,
   author={Luiz Duarte},
   title={Reentrancy Attack em Smart Contracts Solidity},
   url={https://www.luiztools.com.br/post/reentrancy-attack-em-smart-contracts-solidity/},
   urlaccessdate={Dez. 2023},
   year={2023}
}
@online{GGA,
  author       = {Luiz Duarte},
  title        = {Gas Griefing Attack: Aulão de Segurança em Smart Contracts},
  year         = {2023},
  url          = {https://www.youtube.com/watch?v=unxNQNdcdvA&ab_channel=LuizTools},
  note         = {dez. 2023},
}
@article{SMAP,
  author    = {S. Sayeed, H. Marco-Gisbert and T. Caira},
  title     = {Smart Contract: Attacks and Protections
},
  journal   = {IEEE Access},
  year      = {2020},
  volume    = {8},
  number    = {24416-24427},
  pages     = {12},
  doi       = {10.1109/ACCESS.2020.2970495},
  url       = {https://ieeexplore.ieee.org/document/8976179},
}
@article{SMPP,
  author    = {R. Gupta, S. Tanwar, F. Al-Turjman, P. Italiya, A. Nauman and S. W. Kim},
  title     = {Smart Contract Privacy Protection Using AI in Cyber-Physical Systems: Tools, Techniques and Challenges
},
  journal   = {IEEE Access},
  year      = {2020},
  volume    = {8},
  number    = {24746-24772},
  pages     = {27},
  doi       = {10.1109/ACCESS.2020.2970576},
  url       = {https://ieeexplore.ieee.org/document/8976179},
}